<marc:record xmlns:marc="http://www.loc.gov/MARC21/slim" xmlns:xsi="http://www.w3.org/2001/XMLSchema-instance" xsi:schemaLocation="http://www.loc.gov/MARC21/slim http://www.loc.gov/standards/marcxml/schema/MARC21slim.xsd">
<marc:leader>00364nam a2200157 a 45 0</marc:leader>
<marc:controlfield tag="001">1050478</marc:controlfield>
<marc:controlfield tag="003">NL-AMISG</marc:controlfield>
<marc:controlfield tag="005">20000215102425.0</marc:controlfield>
<marc:controlfield tag="008">200002suuuuuuuuge |||||||||||||||||ger d</marc:controlfield>
<marc:datafield ind1=" " ind2=" " tag="035">
<marc:subfield code="a">(IISG)IISGb10845355</marc:subfield>
</marc:datafield>
<marc:datafield ind1=" " ind2=" " tag="040">
<marc:subfield code="a">NL-AmISG</marc:subfield>
</marc:datafield>
<marc:datafield ind1="0" ind2=" " tag="041">
<marc:subfield code="a">ger</marc:subfield>
</marc:datafield>
<marc:datafield ind1=" " ind2=" " tag="044">
<marc:subfield code="a">ge</marc:subfield>
</marc:datafield>
<marc:datafield ind1="1" ind2=" " tag="100">
<marc:subfield code="a">Marx, Karl.</marc:subfield>
<marc:subfield code="0">(NL-AMISG)153540</marc:subfield>
</marc:datafield>
<marc:datafield ind1="1" ind2="0" tag="245">
<marc:subfield code="a">Lohn, Preis und Profit /</marc:subfield>
<marc:subfield code="c">Karl Marx.</marc:subfield>
</marc:datafield>
<marc:datafield ind1=" " ind2=" " tag="260">
<marc:subfield code="a">Berlin :</marc:subfield>
<marc:subfield code="b">Dietz,</marc:subfield>
<marc:subfield code="c">cop. 1948.</marc:subfield>
</marc:datafield>
<marc:datafield ind1=" " ind2=" " tag="300">
<marc:subfield code="a">64 p.</marc:subfield>
</marc:datafield>
<marc:datafield ind1=" " ind2=" " tag="694">
<marc:subfield code="a">Harich, W.</marc:subfield>
<marc:subfield code="b">Bro 3748/9</marc:subfield>
</marc:datafield>
<marc:datafield ind1="1" ind2=" " tag="700">
<marc:subfield code="a">Harich, Wolfgang,</marc:subfield>
<marc:subfield code="e">collector.</marc:subfield>
<marc:subfield code="0">(NL-AMISG)2000232</marc:subfield>
</marc:datafield>
<marc:datafield ind1="4" ind2=" " tag="852">
<marc:subfield code="a">IISG</marc:subfield>
<marc:subfield code="b">IISG</marc:subfield>
<marc:subfield code="c">IISG</marc:subfield>
<marc:subfield code="j">Bro 3748/9</marc:subfield>
<marc:subfield code="n">Available</marc:subfield>
<marc:subfield code="p">N10610188</marc:subfield>
</marc:datafield>
<marc:datafield ind1=" " ind2=" " tag="901">
<marc:subfield code="a">1050478</marc:subfield>
<marc:subfield code="b">Unknown</marc:subfield>
<marc:subfield code="c">1050478</marc:subfield>
<marc:subfield code="t">biblio</marc:subfield>
</marc:datafield>
<marc:datafield ind1=" " ind2=" " tag="902">
<marc:subfield code="a">10622/669B1EE2-9B8A-4646-B89C-1EADF78F1F4F</marc:subfield>
</marc:datafield>
</marc:record>